@book{fp:type-theory:func-prog , eprint = {papers/fp:type-theory:func-prog.pdf} , title = {{Type Theory and Functional Programming}} , author = {Thompson, Simon} , publisher = {Addison-Wesley} , year = {1991}}@inproceedings{ipt:type-infer-milner , eprint = {papers/ipt:type-infer-milner.pdf} , title = {{Principal type-schemes for functional programs}} , author = {Damas, Luis and Milner, Robin} , booktitle = {Proceedings of Principles of Programming Languages (POPL)} , organization = {ACM} , pages = {207-212} , publisher = {ACM} , year = {1982}}@book{ipt:impl-func-prog-lang , eprint = {papers/ipt:impl-func-prog-lang.pdf} , title = {{The Implementation of Functional Programming Languages}} , author = {Peyton Jones, Simon L.} , publisher = {Prentice Hall} , year = {1987}}@book{ipt:theory-of-objects , eprint = {papers/ipt:theory-of-objects.pdf} , title = {{A Theory of Objects}} , author = {Abadi, Martin and Cardelli, Luca} , publisher = {Springer} , year = {1996}}@inproceedings{ipt:typeful-progr , eprint = {papers/ipt:typeful-progr.pdf} , title = {{Typeful programming}} , author = {Cardelli, Luca} , booktitle = {Formal Description of Programming Concepts} , publisher = {Springer-Verlag} , series = {IFIP State of the Art Reports Series} , year = {1989} , url = {http://gatekeeper.dec.com/pub/DEC/SRC/research-reports/abstracts/src-rr-045.html} , howpublished = {\texttt{http://gatekeeper.dec.com/pub/DEC/SRC/research-reports/abstracts/src-rr-045.html}}}@book{typing:types-prog-lang:pierce , eprint = {papers/typing:types-prog-lang:pierce.pdf} , title = {{Types and Programming Languages}} , author = {Pierce, Benjamin C.} , publisher = {MIT Press} , year = {2002} , url = {http://www.cis.upenn.edu/~bcpierce/tapl/} , howpublished = {\texttt{http://www.cis.upenn.edu/~bcpierce/tapl/}}}@inproceedings{swierstra99comb-lang , eprint = {papers/swierstra99comb-lang.pdf} , title = {{Designing and Implementing Combinator Languages}} , author = {Swierstra, S.D. and Azero Alocer, P.R. and Saraiava, J.} , booktitle = {Advanced Functional Programming, Third International School, AFP'98} , editor = {Doaitse Swierstra and Pedro Henriques and Jos\'{e} Oliveira} , pages = {150-206} , number = {1608} , publisher = {Springer-Verlag} , series = {LNCS} , year = {1999} , url = {http://www.cs.uu.nl/people/arthurb/ag.html} , howpublished = {\texttt{http://www.cs.uu.nl/people/arthurb/ag.html}}}@article{duggan02check-multipclass , eprint = {papers/duggan02check-multipclass.pdf} , title = {{Type-Checking Multi-Parameter Type Classes}} , author = {Duggan, Dominic and Ophel, John} , journal = {Journal of Functional Programming} , year = {2002} , url = {http://guinness.cs.stevens-tech.edu/~dduggan/Public/Papers/multi.pdf} , howpublished = {\texttt{http://guinness.cs.stevens-tech.edu/~dduggan/Public/Papers/multi.pdf}}}@inproceedings{neubauer02more-high-poly , eprint = {papers/neubauer02more-high-poly.pdf} , title = {{Type Classes With More Higher-Order Polymorphism}} , author = {Neubauer, Matthias and Thiemann, Peter} , booktitle = {Proceedings of the seventh ACM SIGPLAN international conference on Functional programming} , year = {2002} , url = {http://citeseer.nj.nec.com/neubauer02type.html} , howpublished = {\texttt{http://citeseer.nj.nec.com/neubauer02type.html}}}@article{faxen02semantics-haskell , eprint = {papers/faxen02semantics-haskell.pdf} , title = {{A Static Semantics for Haskell}} , author = {Faxen, Karl-Filip} , journal = {Journal of Functional Programming} , pages = {295} , number = {4} , volume = {12} , year = {2002} , url = {http://www.it.kth.se/~kff/semantics.ps.gz} , howpublished = {\texttt{http://www.it.kth.se/~kff/semantics.ps.gz}}}@inproceedings{peytonjones97typecl-explore , eprint = {papers/peytonjones97typecl-explore.pdf} , title = {{Type classes: an exploration of the design space}} , author = {Peyton Jones, Simon and Jones, Mark and Meijer, Erik} , booktitle = {Haskell Workshop} , year = {1997} , url = {http://citeseer.nj.nec.com/peytonjones97type.html} , howpublished = {\texttt{http://citeseer.nj.nec.com/peytonjones97type.html}}}@inproceedings{wadler88how-ad-hoc-poly , eprint = {papers/wadler88how-ad-hoc-poly.pdf} , title = {{How to make ad-hoc polymorphism less ad-hoc}} , author = {Wadler, Phil and Blott, Stephen} , booktitle = {Conference Record of the 16th Annual {ACM} Symposium on Principles of Programming Languages} , pages = {60--76} , year = {1988} , url = {http://citeseer.nj.nec.com/wadler88how.html} , howpublished = {\texttt{http://citeseer.nj.nec.com/wadler88how.html}}}@inproceedings{peterson93impl-type-class , eprint = {papers/peterson93impl-type-class.pdf} , title = {{Implementing Type Classes}} , author = {Peterson, John and Jones, Mark} , booktitle = {{SIGPLAN} Conference on Programming Language Design and Implementation} , pages = {227-236 } , year = {1993 } , url = {http://citeseer.nj.nec.com/peterson93implementing.html} , howpublished = {\texttt{http://citeseer.nj.nec.com/peterson93implementing.html}}}@inproceedings{augustsson93impl-hask-overl , eprint = {papers/augustsson93impl-hask-overl.pdf} , title = {{Implementing Haskell overloading}} , author = {Augustsson, Lennart} , booktitle = {Functional Programming Languages and Computer Architecture} , pages = {65-73 } , year = {1993 } , url = {http://citeseer.nj.nec.com/augustsson93implementing.html} , howpublished = {\texttt{http://citeseer.nj.nec.com/augustsson93implementing.html}}}@article{hall96type-class-haskell , eprint = {papers/hall96type-class-haskell.pdf} , title = {{Type Classes in Haskell}} , author = {Hall, Cordelia and Hammond, Kevin and Jones, Simon Peyton and Wadler, Philip} , booktitle = {European Symposium On Programming} , institution = {University of Glasgow} , school = {University of Glasgow} , journal = {ACM TOPLAS} , month = {March} , pages = {109-138} , number = {2} , publisher = {Springer-Verlag} , series = {LNCS} , volume = {18} , year = {1996} , url = {http://doi.acm.org/10.1145/227699.227700} , howpublished = {\texttt{http://doi.acm.org/10.1145/227699.227700}}}@inproceedings{kaes88parametric-overl , eprint = {papers/kaes88parametric-overl.pdf} , title = {{Parametric overloading in polymorphic programming languages }} , author = {Kaes, Stefan} , booktitle = {Proc. 2nd European Symposium on Programming} , year = {1988}}@article{damiani03rank2-localdefs , eprint = {papers/damiani03rank2-localdefs.pdf} , title = {{Rank 2 intersection types for local definitions and conditional expressions}} , author = {Damiani, Ferrucio} , journal = {ACM TOPLAS} , month = {July} , pages = {401-451} , number = {4} , volume = {25} , year = {2003} , url = {http://doi.acm.org/10.1145/778559.778560} , howpublished = {\texttt{http://doi.acm.org/10.1145/778559.778560}}}@article{rhiger03embedded-langs , eprint = {papers/rhiger03embedded-langs.pdf} , title = {{A Foundation for Embedded Languages}} , author = {Rhiger, Morten} , journal = {ACM TOPLAS} , month = {may} , pages = {291-315} , number = {3} , volume = {25} , year = {2003} , url = {http://doi.acm.org/10.1145/641909.641910} , howpublished = {\texttt{http://doi.acm.org/10.1145/641909.641910}}}@article{saha03analysis-quanttype , eprint = {papers/saha03analysis-quanttype.pdf} , title = {{Intentional Analysis of Quantified Types}} , author = {Saha, Bratin and Trifonov, Valery and Shao, Zhong} , journal = {ACM TOPLAS} , month = {March} , pages = {159-209} , number = {2} , volume = {25} , year = {2003} , url = {http://doi.acm.org/10.1145/641888.641889} , howpublished = {\texttt{http://doi.acm.org/10.1145/641888.641889}}}@article{appel02rec-types-pcc , eprint = {papers/appel02rec-types-pcc.pdf} , title = {{An Indexed Model of Recursive Types for Foundational Proof-Carrying Code}} , author = {Appel, Andrew W. and McAllester, David} , journal = {ACM TOPLAS} , month = {September} , pages = {657-683} , number = {5} , volume = {23} , year = {2001} , url = {http://doi.acm.org/10.1145/504709.504712} , howpublished = {\texttt{http://doi.acm.org/10.1145/504709.504712}}}@article{igarashi01fwjava-core-calc , eprint = {papers/igarashi01fwjava-core-calc.pdf} , title = {{Featherweight Java: A Minimal Core Calculus for Java and GJ}} , author = {Igarishi, Atsushi and Pierce, Benjamin C. and Wadler, Philip} , journal = {ACM TOPLAS} , month = {may} , pages = {396 - 450 } , number = {3} , volume = {23} , year = {2001} , url = {http://doi.acm.org/10.1145/503502.503505} , howpublished = {\texttt{http://doi.acm.org/10.1145/503502.503505}}}@article{league02fwjava-typepreserve , eprint = {papers/league02fwjava-typepreserve.pdf} , title = {{Type-preserving compilation of Featherweight Java}} , author = {League, Christopher and Shao, Zhong and Trifonov, Valery} , journal = {ACM TOPLAS} , month = {March} , pages = {112-153} , number = {2} , volume = {24} , year = {2002} , url = {http://doi.acm.org/10.1145/514952.514954} , howpublished = {\texttt{http://doi.acm.org/10.1145/514952.514954}}}@article{knoblock01java-subtype , eprint = {papers/knoblock01java-subtype.pdf} , title = {{Type Elaboration and Subtype Completion for Java Bytecode}} , author = {Knoblock, Todd B. and Rehof, Jakob} , journal = {ACM TOPLAS} , month = {March} , pages = {243 - 272 } , number = {2} , volume = {23} , year = {2001} , url = {http://doi.acm.org/10.1145/383043.383045} , howpublished = {\texttt{http://doi.acm.org/10.1145/383043.383045}}}@article{grossman00synt-type-abstr , eprint = {papers/grossman00synt-type-abstr.pdf} , title = {{Syntactic type abstraction}} , author = {Grossman, Dan and Morrisett, Greg and Zdancewic, Steve} , journal = {ACM TOPLAS} , month = {November} , pages = {1037-1080} , number = {6} , volume = {22} , year = {2000} , url = {http://doi.acm.org/10.1145/371880.371887} , howpublished = {\texttt{http://doi.acm.org/10.1145/371880.371887}}}@article{leroy00typebased-anal-exc , eprint = {papers/leroy00typebased-anal-exc.pdf} , title = {{Type-based analysis of uncaught exceptions}} , author = {Leroy, Xavier and Pessaux, Francois} , booktitle = {European Symposium On Programming} , institution = {University of Glasgow} , school = {University of Glasgow} , journal = {ACM TOPLAS} , month = {March} , pages = {340-377} , number = {2} , publisher = {Springer-Verlag} , series = {LNCS} , volume = {22} , year = {2000} , url = {http://doi.acm.org/10.1145/349214.349230} , howpublished = {\texttt{http://doi.acm.org/10.1145/349214.349230}}}@article{pierce00local-type-inference , eprint = {papers/pierce00local-type-inference.pdf} , title = {{Local Type Inference}} , author = {Pierce, Benjamin C. and Turner, David N.} , booktitle = {European Symposium On Programming} , institution = {University of Glasgow} , school = {University of Glasgow} , journal = {ACM TOPLAS} , month = {January} , pages = {1-44} , number = {1} , publisher = {Springer-Verlag} , series = {LNCS} , volume = {22} , year = {2000} , url = {http://doi.acm.org/10.1145/345099.345100} , howpublished = {\texttt{http://doi.acm.org/10.1145/345099.345100}}}@article{lamport99speclang-typed , eprint = {papers/lamport99speclang-typed.pdf} , title = {{Should your specification language be typed}} , author = {Lamport, Leslie and Paulson, Lawrence C.} , booktitle = {European Symposium On Programming} , institution = {University of Glasgow} , school = {University of Glasgow} , journal = {ACM TOPLAS} , month = {may} , pages = {502-526} , number = {3} , publisher = {Springer-Verlag} , series = {LNCS} , volume = {21} , year = {1999} , url = {http://doi.acm.org/10.1145/319301.319317} , howpublished = {\texttt{http://doi.acm.org/10.1145/319301.319317}}}@article{morrisett99systemF-TAL , eprint = {papers/morrisett99systemF-TAL.pdf} , title = {{From System F to Typed Assembly Language}} , author = {Morrisett, Greg and Walker, David and Crary, Karl and Glew, Neil} , booktitle = {European Symposium On Programming} , institution = {University of Glasgow} , school = {University of Glasgow} , journal = {ACM TOPLAS} , month = {may} , pages = {527-568} , number = {3} , publisher = {Springer-Verlag} , series = {LNCS} , volume = {21} , year = {1999} , url = {http://citeseer.nj.nec.com/86027.html} , howpublished = {\texttt{http://citeseer.nj.nec.com/86027.html}}}@article{duggan99dyntype-distr-polym , eprint = {papers/duggan99dyntype-distr-polym.pdf} , title = {{Dynamic Typing for Distributed Programming in Polymorphic Languages}} , author = {Duggan, Dominic} , booktitle = {European Symposium On Programming} , institution = {University of Glasgow} , school = {University of Glasgow} , journal = {ACM TOPLAS} , month = {January} , pages = {11-45} , number = {1} , publisher = {Springer-Verlag} , series = {LNCS} , volume = {21} , year = {1999} , url = {http://doi.acm.org/10.1145/314602.314604} , howpublished = {\texttt{http://doi.acm.org/10.1145/314602.314604}}}@article{lee98hindley-top-bottom , eprint = {papers/lee98hindley-top-bottom.pdf} , title = {{Proofs about a folklore let-polymorphic type inference algorithm }} , author = {Lee, Oukseh and Yi, Kwangkeun} , booktitle = {European Symposium On Programming} , institution = {University of Glasgow} , school = {University of Glasgow} , journal = {ACM TOPLAS} , month = {July} , pages = {707-723} , number = {4} , publisher = {Springer-Verlag} , series = {LNCS} , volume = {20} , year = {1998} , url = {http://citeseer.nj.nec.com/151436.html} , howpublished = {\texttt{http://citeseer.nj.nec.com/151436.html}}}@article{douence98func-lang-impl , eprint = {papers/douence98func-lang-impl.pdf} , title = {{A systematic study of functional language implementations }} , author = {Douence, Remi and Fradet, Pascal} , booktitle = {European Symposium On Programming} , institution = {University of Glasgow} , school = {University of Glasgow} , journal = {ACM TOPLAS} , month = {March} , pages = {344-387} , number = {2} , publisher = {Springer-Verlag} , series = {LNCS} , volume = {20} , year = {1998} , url = {http://doi.acm.org/10.1145/276393.276397} , howpublished = {\texttt{http://doi.acm.org/10.1145/276393.276397}}}@article{remy98objective-ml , eprint = {papers/remy98objective-ml.pdf} , title = {{Objective ML: An Effective Object-Oriented Extension to ML}} , author = {Remy, Didier and Vouillon, Jerome} , journal = {Theory and Practice of Object Systems} , pages = {27-50} , number = {1} , volume = {4} , year = {1998} , url = {http://citeseer.nj.nec.com/remy98objective.html} , howpublished = {\texttt{http://citeseer.nj.nec.com/remy98objective.html}}}@inproceedings{chen92param-type-class , eprint = {papers/chen92param-type-class.pdf} , title = {{Parametric type classes}} , author = {Chen, Kung and Hudak, Paul and Odersky, Martin} , booktitle = {ACM Symposium on Lisp and Functional Programming} , year = {1992} , url = {http://www.ubka.uni-karlsruhe.de/cgi-bin/psview?document=/1992/informatik/18} , howpublished = {\texttt{http://www.ubka.uni-karlsruhe.de/cgi-bin/psview?document=/1992/informatik/18}}}@techreport{stuckey02theory-overloading , eprint = {papers/stuckey02theory-overloading.pdf} , title = {{A Theory of Overloading}} , address = {Parkville 3052, Australia} , author = {Stuckey, Peter J. and Sulzmann, Martin} , institution = {Dept. of Computer Science and Software Engineering, The University of Melbourne } , school = {Dept. of Computer Science and Software Engineering, The University of Melbourne } , month = {June} , number = {TR2002/2} , year = {2002} , url = {http://www.cs.mu.oz.au/tr_submit/test/cover_db/mu_TR_2002_2.html} , howpublished = {\texttt{http://www.cs.mu.oz.au/tr_submit/test/cover_db/mu_TR_2002_2.html}}}@techreport{rossberg02theory-overload2 , eprint = {papers/rossberg02theory-overload2.pdf} , title = {{A Theory of Overloading Part II: Semantics and Coherence}} , address = {Parkville 3052, Australia} , author = {Rossberg, Andreas and Sulzmann, Martin} , institution = {Dept. of Computer Science and Software Engineering, The University of Melbourne } , school = {Dept. of Computer Science and Software Engineering, The University of Melbourne } , month = {March} , number = {TR2002/2} , year = {2002} , url = {http://www.cs.mu.oz.au/tr_submit/test/cover_db/mu_TR_2002_1.html} , howpublished = {\texttt{http://www.cs.mu.oz.au/tr_submit/test/cover_db/mu_TR_2002_1.html}}}@inproceedings{neubauer01funct-logic-overl , eprint = {papers/neubauer01funct-logic-overl.pdf} , title = {{Functional Logic Overloading}} , author = {Neubauer, Matthias and Thiemann, Peter and Gasbichler, Martin and Sperber, Michael} , booktitle = {Symposium on Principles of Programming Languages} , pages = {233-244} , year = {2001} , url = {http://citeseer.nj.nec.com/neubauer01functional.html} , howpublished = {\texttt{http://citeseer.nj.nec.com/neubauer01functional.html}}}@inproceedings{nipkow93check-typeclass , eprint = {papers/nipkow93check-typeclass.pdf} , title = {{Type Checking Type Classes}} , author = {Nipkow, Tobias and Prehofer, Christian} , booktitle = {Symposium on Principles of Programming Languages} , pages = {409--418 } , year = {1993 } , url = {http://citeseer.nj.nec.com/nipkow93type.html} , howpublished = {\texttt{http://citeseer.nj.nec.com/nipkow93type.html}}}@book{jones94phd-qual-types , eprint = {papers/jones94phd-qual-types.pdf} , title = {{Qualified Types, Theory and Practice}} , author = {Jones, Mark P.} , publisher = {Cambridge Univ. Press} , year = {1994} , url = {http://www.cse.ogi.edu/~mpj/pubs/thesis.html} , howpublished = {\texttt{http://www.cse.ogi.edu/~mpj/pubs/thesis.html}}}@inproceedings{jones99thih , eprint = {papers/jones99thih.pdf} , title = {{Typing Haskell in Haskell}} , author = {Jones, Mark P.} , booktitle = {Haskell Workshop} , year = {1999} , url = {http://www.cse.ogi.edu/~mpj/thih/thih-sep1-1999/} , howpublished = {\texttt{http://www.cse.ogi.edu/~mpj/thih/thih-sep1-1999/}}}@misc{jones00thih , eprint = {papers/jones00thih.pdf} , title = {{Typing Haskell in Haskell}} , author = {Jones, Mark P.} , booktitle = {Haskell Workshop} , year = {2000} , url = {http://www.cse.ogi.edu/~mpj/thih/} , howpublished = {\texttt{http://www.cse.ogi.edu/~mpj/thih/}}}@inproceedings{jones99lightweight-ext-rec , eprint = {papers/jones99lightweight-ext-rec.pdf} , title = {{Lightweight Extensible Records for Haskell}} , author = {Jones, Mark P. and Peyton Jones, Simon} , booktitle = {Haskell Workshop} , number = {UU-CS-1999-28} , publisher = {Utrecht University, Institute of Information and Computing Sciences} , year = {1999} , url = {http://www.cse.ogi.edu/~mpj/pubs/lightrec.html} , howpublished = {\texttt{http://www.cse.ogi.edu/~mpj/pubs/lightrec.html}}}@inproceedings{jones95simplify-qualtype , eprint = {papers/jones95simplify-qualtype.pdf} , title = {{Simplifying and improving qualified types}} , author = {Jones, Mark P.} , booktitle = {Proceedings of the seventh international conference on Functional programming languages and computer architecture} , pages = {160 - 169 } , year = {1995} , url = {http://www.cse.ogi.edu/~mpj/pubs/fpca95.pdf} , howpublished = {\texttt{http://www.cse.ogi.edu/~mpj/pubs/fpca95.pdf}}}@inproceedings{wadler02girard-reynolds-iso , eprint = {papers/wadler02girard-reynolds-iso.pdf} , title = {{The Girard-Reynolds isomorphism }} , author = {Wadler, Phil} , booktitle = {Theoretical Aspects of Computer Software} , month = {October} , year = {2001} , url = {http://www.research.avayalabs.com/user/wadler/topics/parametricity.html} , howpublished = {\texttt{http://www.research.avayalabs.com/user/wadler/topics/parametricity.html}}}@inproceedings{wadler89theorems-for-free , eprint = {papers/wadler89theorems-for-free.pdf} , title = {{Theorems for free!}} , author = {Wadler, Phil} , booktitle = {4'th International Conference on Functional Programming and Computer Architecture} , month = {September} , year = {1989} , url = {http://www.research.avayalabs.com/user/wadler/topics/parametricity.html} , howpublished = {\texttt{http://www.research.avayalabs.com/user/wadler/topics/parametricity.html}}}@misc{wadler00proofs-are-programs , eprint = {papers/wadler00proofs-are-programs.pdf} , title = {{Proofs are Programs: 19th Century Logic and 21st Century Computing}} , author = {Wadler, Phil} , month = {November} , year = {2000} , url = {http://www.research.avayalabs.com/user/wadler/papers/frege/frege.pdf} , howpublished = {\texttt{http://www.research.avayalabs.com/user/wadler/papers/frege/frege.pdf}}}@inproceedings{peytonjones03lex-scope-tvs , eprint = {papers/peytonjones03lex-scope-tvs.pdf} , title = {{Lexically-scoped type variables}} , author = {Peyton Jones, Simon and Shields, Mark} , booktitle = {ICFP} , year = {2003} , url = {http://research.microsoft.com/Users/simonpj/papers/scoped-tyvars/} , howpublished = {\texttt{http://research.microsoft.com/Users/simonpj/papers/scoped-tyvars/}}}@inproceedings{jones00class-fundep , eprint = {papers/jones00class-fundep.pdf} , title = {{Type Classes with Functional Dependencies}} , author = {Jones, Mark P.} , booktitle = {Proceedings of the 9th European Symposium on Programming, ESOP 2000,} , month = {March} , year = {2000} , url = {http://www.cse.ogi.edu/~mpj/pubs/fundeps-esop2000.pdf} , howpublished = {\texttt{http://www.cse.ogi.edu/~mpj/pubs/fundeps-esop2000.pdf}}}@inproceedings{jones93constr-class , eprint = {papers/jones93constr-class.pdf} , title = {{A system of constructor classes: overloading and implicit higher-order polymorphism}} , author = {Jones, Mark P.} , booktitle = {FPCA '93: Conference on Functional Programming and Computer Architecture, Copenhagen, Denmark } , pages = {52--61} , year = {1993 } , url = {http://citeseer.nj.nec.com/jones95system.html} , howpublished = {\texttt{http://citeseer.nj.nec.com/jones95system.html}}}@techreport{jones94simpl-qualtype , eprint = {papers/jones94simpl-qualtype.pdf} , title = {{Simplifying and improving qualified types}} , address = {P.O. Box 208285, New Haven, CT 06520-8285} , author = {Jones, Mark P.} , booktitle = {Proceedings of the seventh international conference on Functional programming languages and computer architecture} , institution = {Yale University, Department of Computer Science} , school = {Yale University, Department of Computer Science} , month = {June} , number = {YALEU/DCS/RR-1040} , year = {1994} , url = {http://www.cse.ogi.edu/~mpj/pubs/RR-1040.pdf} , howpublished = {\texttt{http://www.cse.ogi.edu/~mpj/pubs/RR-1040.pdf}}}@inproceedings{jones95overl-highpoly , eprint = {papers/jones95overl-highpoly.pdf} , title = {{Functional Programming with Overloading and Higher-Order Polymorphism}} , author = {Jones, Mark P.} , booktitle = {First International Spring School on Advanced Functional Programming Techniques, B{\aa}stad, Sweden} , month = {may} , number = {925} , publisher = {Springer-Verlag} , series = {LNCS} , year = {1995} , url = {http://www.cse.ogi.edu/~mpj/pubs/springschool.html} , howpublished = {\texttt{http://www.cse.ogi.edu/~mpj/pubs/springschool.html}}}@techreport{jones93coherence-qual , eprint = {papers/jones93coherence-qual.pdf} , title = {{Coherence for qualified types}} , address = {New Haven, Connecticut, USA } , author = {Jones, Mark P.} , institution = {Yale University} , school = {Yale University} , number = {YALEU/DCS/RR-989 } , year = {1993 } , url = {citeseer.nj.nec.com/jones93coherence.html } , howpublished = {\texttt{citeseer.nj.nec.com/jones93coherence.html }}}@techreport{duponcheel94constr-class , eprint = {papers/duponcheel94constr-class.pdf} , title = {{On the expressive power of Constructor Classes }} , address = {Padualaan 14, 3584 CH Utrecht, The Netherlands } , author = {Duponcheel, Luc and Meijer, Erik} , institution = {Department of Computer Science, Utrecht University} , school = {Department of Computer Science, Utrecht University} , year = {1995} , url = {citeseer.nj.nec.com/duponcheel94expressive.html } , howpublished = {\texttt{citeseer.nj.nec.com/duponcheel94expressive.html }}}@inproceedings{jones92qual-types , eprint = {papers/jones92qual-types.pdf} , title = {{A Theory of Qualified Types}} , author = {Jones, Mark P.} , booktitle = {ESOP '92, Proceedings of the 4th European Symposium on Programming, Rennes, France} , editor = {Krieg-Bruckner, Bernd} , month = {February} , pages = {287-306 } , number = {582 } , publisher = {Springer-Verlag} , series = {LNCS} , year = {1992} , url = {http://citeseer.nj.nec.com/jones92theory.html} , howpublished = {\texttt{http://citeseer.nj.nec.com/jones92theory.html}}}@article{jones95constr-class-jfp , eprint = {papers/jones95constr-class-jfp.pdf} , title = {{A system of constructor classes: overloading and implicit higher-order polymorphism}} , author = {Jones, Mark P.} , booktitle = {FPCA '93: Conference on Functional Programming and Computer Architecture, Copenhagen, Denmark } , journal = {Journal of Functional Programming} , month = {January} , pages = {1--35} , number = {1} , volume = {5} , year = {1995}}@inproceedings{lewis00implicit-param , eprint = {papers/lewis00implicit-param.pdf} , title = {{Implicit Parameters: Dynamic Scoping with Static Types}} , author = {Lewis, Jeffrey R. and Shields, Mark B. and Meijer, Erik and Launchbury, John} , booktitle = {Proceedings of the 27th Annual ACM SIGPLAN-SIGACT Symposium on  Principles of Programming Languages, Boston, Massachusetts} , month = {January} , pages = {108-118} , year = {2000} , url = {http://www.cse.ogi.edu/~mbs/pub/implicit_parameters/} , howpublished = {\texttt{http://www.cse.ogi.edu/~mbs/pub/implicit_parameters/}}}@inproceedings{faxen03hask-princ-types , eprint = {papers/faxen03hask-princ-types.pdf} , title = {{Haskell and Principal Types}} , author = {Faxen, Karl-Filip} , booktitle = {Haskell Workshop} , pages = {88-97} , year = {2003} , url = {http://doi.acm.org/10.1145/871895.871905} , howpublished = {\texttt{http://doi.acm.org/10.1145/871895.871905}}}@inproceedings{kennedy94dimension-type , eprint = {papers/kennedy94dimension-type.pdf} , title = {{Dimension Types}} , author = {Kennedy, Andrew} , booktitle = {Programming Languages and Systems---{ESOP}'94, 5th European Symposium on Programming } , pages = {348--362} , number = {788} , publisher = {Springer} , series = {LNCS} , year = {1994} , url = {http://citeseer.nj.nec.com/kennedy94dimension.html} , howpublished = {\texttt{http://citeseer.nj.nec.com/kennedy94dimension.html}}}@inproceedings{neubauer02fun-logic-overl , eprint = {papers/neubauer02fun-logic-overl.pdf} , title = {{Functional Logic Overloading}} , author = {Neubaurer, Matthias and Thiemann, Peter and Gasbichler, Martin and Sperber, Michael} , booktitle = {Proceedings of the 29th ACM SIGPLAN-SIGACT symposium on Principles of programming languages} , pages = {233 - 244} , year = {2002} , url = {http://portal.acm.org/citation.cfm?doid=503272.503294} , howpublished = {\texttt{http://portal.acm.org/citation.cfm?doid=503272.503294}}}@inproceedings{sulzmann97constrained-type , eprint = {papers/sulzmann97constrained-type.pdf} , title = {{Type Inference with Constrained Types}} , author = {Odersky, Martin and Sulzmann, Martin and Wehr, Martin} , booktitle = {Fourth International Workshop on Foundations of Object-Oriented Programming ({FOOL} 4)} , year = {1997} , url = {citeseer.nj.nec.com/article/sulzmann97type.html} , howpublished = {\texttt{citeseer.nj.nec.com/article/sulzmann97type.html}}}@misc{sulzmann03chameleon , eprint = {papers/sulzmann03chameleon.pdf} , title = {{An Overview of the Chameleon System}} , author = {Sulzmann, Martin} , year = {2003} , url = {http://www.comp.nus.edu.sg/\~sulzmann/chameleon/download/chameleon.ps.gz} , howpublished = {\texttt{http://www.comp.nus.edu.sg/\~sulzmann/chameleon/download/chameleon.ps.gz}}}@inproceedings{damas82principal-type , eprint = {papers/damas82principal-type.pdf} , title = {{Principal type-schemes for functional programs}} , author = {Damas, Luis and Milner, Robin} , booktitle = {9th symposium Principles of Programming Languages} , pages = {207-212} , publisher = {ACM Press} , year = {1982}}@article{aiken99intro-set-constr-anal , eprint = {papers/aiken99intro-set-constr-anal.pdf} , title = {{Introduction to Set Constraint-Based Program Analysis}} , author = {Aiken, Alexander} , journal = {Science of Computer Programming} , pages = {79-111} , number = {1} , volume = {35} , year = {1999} , url = {http://www.cs.berkeley.edu/~aiken/publications/papers/scp99.ps} , howpublished = {\texttt{http://www.cs.berkeley.edu/~aiken/publications/papers/scp99.ps}}}@inproceedings{diatchki02hask-module , eprint = {papers/diatchki02hask-module.pdf} , title = {{A Formal Specification of the Haskell 98 Module System}} , author = {Diatchki, Iavor S. and Jones, Mark P. and Hallgren, Thomas} , booktitle = {Haskell Workshop} , pages = {17-29} , year = {2002} , url = {http://doi.acm.org/10.1145/581690.581692} , howpublished = {\texttt{http://doi.acm.org/10.1145/581690.581692}}}@article{martelli82eff-unif-alg , eprint = {papers/martelli82eff-unif-alg.pdf} , title = {{An Efficient Unification Algorithm}} , author = {Martelli, Alberto and Montanari, Ugo} , journal = {ACM TOPLAS} , month = {April} , pages = {258 - 282} , number = {2} , volume = {4} , year = {1982} , url = {http://doi.acm.org/10.1145/357162.357169} , howpublished = {\texttt{http://doi.acm.org/10.1145/357162.357169}}}@inproceedings{kanellakis91unification , eprint = {papers/kanellakis91unification.pdf} , title = {{Unification and {ML}-Type Reconstruction}} , author = {Kanellakis, Paris C. and Mairson, Harry G.} , booktitle = {Computational Logic - Essays in Honor of Alan Robinson} , year = {1991 } , url = {http://citeseer.nj.nec.com/kanellakis91unification.html} , howpublished = {\texttt{http://citeseer.nj.nec.com/kanellakis91unification.html}}}@inproceedings{botlan03ml-power-f , eprint = {papers/botlan03ml-power-f.pdf} , title = {{ML-F, Raising ML to the Power of System F}} , author = {Botlan, Le, Didier and Remy, Didier} , booktitle = {ICFP} , year = {2003} , url = {http://citeseer.nj.nec.com/564799.html} , howpublished = {\texttt{http://citeseer.nj.nec.com/564799.html}}}@misc{peytonjones04pract-inf-rank , eprint = {papers/peytonjones04pract-inf-rank.pdf} , title = {{Practical type inference for arbitrary-rank types}} , author = {Peyton Jones, Simon and Shields, Mark} , year = {2004} , url = {http://research.microsoft.com/\-Users/simonpj/papers/\-putting/index.htm} , howpublished = {\texttt{http://research.microsoft.com/\-Users/simonpj/papers/\-putting/index.htm}}}@techreport{gaster96poly-ext-rec-var , eprint = {papers/gaster96poly-ext-rec-var.pdf} , title = {{A Polymorphic Type System for Extensible Records and Variants}} , author = {Gaster, Benedict R. and Jones, Mark P.} , institution = {Languages and Programming Group, Department of Computer Science, Nottingham} , school = {Languages and Programming Group, Department of Computer Science, Nottingham} , month = {November} , number = {NOTTCS-TR-96-3} , year = {1996} , url = {http://citeseer.nj.nec.com/gaster96polymorphic.html} , howpublished = {\texttt{http://citeseer.nj.nec.com/gaster96polymorphic.html}}}@inproceedings{shields01first-class-mod , eprint = {papers/shields01first-class-mod.pdf} , title = {{First-class Modules for Haskell}} , author = {Shields, Mark and Peyton Jones, Simon} , booktitle = {Ninth International Conference on Foundations of Object-Oriented Languages (FOOL 9), Portland, Oregon} , month = {December} , year = {2001} , url = {http://www.cse.ogi.edu/~mbs/pub/first_class_modules/} , howpublished = {\texttt{http://www.cse.ogi.edu/~mbs/pub/first_class_modules/}}}@book{plasmeijer01clean-rep-2 , eprint = {papers/plasmeijer01clean-rep-2.pdf} , title = {{The Concurrent Clean Language Report (draft)}} , author = {Plasmeijer, Rinus and Eekelen, Marko van} , publisher = {Department of Software Technology, University of Nijmegen} , year = {2001} , url = {http://www.cs.kun.nl/~clean/contents/body_contents.html} , howpublished = {\texttt{http://www.cs.kun.nl/~clean/contents/body_contents.html}}}@inproceedings{hinze00derive-type-class , eprint = {papers/hinze00derive-type-class.pdf} , title = {{Derivable Type Classes}} , author = {Hinze, Ralf and Peyton Jones, Simon} , booktitle = {Haskell Workshop} , year = {2000} , url = {http://www.informatik.uni-bonn.de/~ralf/publications/Derive.ps.gz} , howpublished = {\texttt{http://www.informatik.uni-bonn.de/~ralf/publications/Derive.ps.gz}}}@misc{barendsen94uniq-theor-pract , eprint = {papers/barendsen94uniq-theor-pract.pdf} , title = {{Uniqueness Typing in Theory and Practice}} , author = {Barendsen, E. and Smetsers, J.} , year = {1994} , url = {http://citeseer.nj.nec.com/barendsen94uniqueness.html} , howpublished = {\texttt{http://citeseer.nj.nec.com/barendsen94uniqueness.html}}}@article{barendsen96uniq-graph-sem , eprint = {papers/barendsen96uniq-graph-sem.pdf} , title = {{Uniqueness Typing for Functional Languages with Graph Rewriting Semantics}} , author = {Barendsen, Erik and Smetsers, Sjaak} , journal = {Mathematical Structures in Computer Science} , pages = {579-612} , number = {6} , volume = {6} , year = {1996} , url = {http://citeseer.nj.nec.com/barendsen96uniquenes.html} , howpublished = {\texttt{http://citeseer.nj.nec.com/barendsen96uniquenes.html}}}@inproceedings{kahl01named-instance , eprint = {papers/kahl01named-instance.pdf} , title = {{Named Instances for Haskell Type Classes}} , author = {Kahl, Wolfram and Scheffczyk, Jan} , booktitle = {Haskell Workshop} , year = {2001} , url = {http://www.informatik.uni-bonn.de/~ralf/hw2001/4.html} , howpublished = {\texttt{http://www.informatik.uni-bonn.de/~ralf/hw2001/4.html}}}@inproceedings{pfeifer99polytypic , eprint = {papers/pfeifer99polytypic.pdf} , title = {{Polytypic proof construction}} , author = {Pfeifer, Holger and Rue{\ss}, Harals} , booktitle = {Proceedings 12th Int. Conf. on Theorem Proving in Higher Order Logics, TPHOLs'99} , pages = {55-72} , number = {1690} , publisher = {Springer-Verlag} , series = {LNCS} , year = {1999} , url = {citeseer.nj.nec.com/pfeifer99polytypic.html} , howpublished = {\texttt{citeseer.nj.nec.com/pfeifer99polytypic.html}}}@inproceedings{dybjer99finite-axiomitiz , eprint = {papers/dybjer99finite-axiomitiz.pdf} , title = {{A Finite Axiomatization of Inductive-Recursive Definitions}} , author = {Dybjer, Peter and Setzer, Anton} , booktitle = {Typed Lambda Calculus and Applications} , pages = {129-146} , series = {LNCS} , year = {1999} , url = {http://www.math.uu.se/~setzer/articles/index.html} , howpublished = {\texttt{http://www.math.uu.se/~setzer/articles/index.html}}}@misc{coquand94typeth-progr , eprint = {papers/coquand94typeth-progr.pdf} , title = {{Type Theory and Programming}} , author = {Coquand, Thierry and Nordstrom, Bengt and Smith, Jan M. and Sydow, Bjorn} , year = {1994} , url = {ftp://ftp.cs.chalmers.se/pub/cs-reports/papers/typetheoryandprogramming.ps.Z} , howpublished = {\texttt{ftp://ftp.cs.chalmers.se/pub/cs-reports/papers/typetheoryandprogramming.ps.Z}}}@misc{altenkirch00taste-intuit-type , eprint = {papers/altenkirch00taste-intuit-type.pdf} , title = {{A Taste of Intuitionistic Type Theory}} , author = {Altenkirch, Thorsten} , year = {2000} , url = {http://www.cs.nott.ac.uk/~txa/itt/} , howpublished = {\texttt{http://www.cs.nott.ac.uk/~txa/itt/}}}@misc{miguel03typeth-impred , eprint = {papers/miguel03typeth-impred.pdf} , title = {{Type Theory: Impredicative Part}} , author = {Miguel, Alexandre} , year = {2003} , url = {http://www.math.chalmers.se/~miquel/} , howpublished = {\texttt{http://www.math.chalmers.se/~miquel/}}}@phdthesis{magnusson95alf-impl , eprint = {papers/magnusson95alf-impl.pdf} , title = {{The Implementation of ALF - a Proof Editor based on Martin-L\"of's Monomorphic Type Theory with Explicit Substitution}} , author = {Magnusson, Lena} , year = {1995} , url = {citeseer.nj.nec.com/magnusson95implementation.html} , howpublished = {\texttt{citeseer.nj.nec.com/magnusson95implementation.html}}}@article{dybjer00inductrec-inialg , eprint = {papers/dybjer00inductrec-inialg.pdf} , title = {{Induction-Recursion and Initial Algebras}} , author = {Dybjer, Peter and Setzer, Anton} , year = {2000} , url = {http://www.cs.chalmers.se/~peterd/} , howpublished = {\texttt{http://www.cs.chalmers.se/~peterd/}}}@inproceedings{fokkinga94intro-categ , eprint = {papers/fokkinga94intro-categ.pdf} , title = {{A Gentle Introduction to Category Theory --- the calculational approach}} , author = {Fokkinga, Maarten} , booktitle = {Lecture Notes of the {STOP} 1992  Summerschool on Constructive Algorithmics} , month = {September} , pages = {1-72} , publisher = {Utrecht University, Institute of Information and Computing Sciences} , year = {1994} , url = {http://wwwhome.cs.utwente.nl/~fokkinga/mmf92b.html} , howpublished = {\texttt{http://wwwhome.cs.utwente.nl/~fokkinga/mmf92b.html}}}@inproceedings{cheney02lightweight , eprint = {papers/cheney02lightweight.pdf} , title = {{A Lightweight Implementation of Generics and Dynamics}} , author = {Cheney, James and Hinze, Ralf} , booktitle = {Haskell Workshop} , year = {2002} , url = {http://citeseer.nj.nec.com/cheney02lightweight.html} , howpublished = {\texttt{http://citeseer.nj.nec.com/cheney02lightweight.html}}}@inproceedings{johnsson87attr-as-fun , eprint = {papers/johnsson87attr-as-fun.pdf} , title = {{Attribute grammars as a functional programming paradigm}} , author = {Johnsson, Thomas} , booktitle = {Functional Programming Languages and Computer Architecture} , pages = {154-173} , year = {1987} , url = {http://citeseer.csail.mit.edu/johnsson87attribute.html} , howpublished = {\texttt{http://citeseer.csail.mit.edu/johnsson87attribute.html}}}@inproceedings{odersky95overload-2nd , eprint = {papers/odersky95overload-2nd.pdf} , title = {{A Second Look at Overloading}} , author = {Odersky, Martin and Wadler, Philip and Wehr, Martin} , booktitle = {Functional Programming Languages and Computer Architecture} , pages = {135-146} , year = {1995} , url = {http://citeseer.ist.psu.edu/172417.html} , howpublished = {\texttt{http://citeseer.ist.psu.edu/172417.html}}}@article{laufer96class-existential , eprint = {papers/laufer96class-existential.pdf} , title = {{Type Classes with Existential Types}} , author = {Laufer, Konstantin} , journal = {Journal of Functional Programming} , month = {May} , pages = {485-517} , number = {3} , volume = {6} , year = {1996} , url = {citeseer.ist.psu.edu/laeufer95type.html} , howpublished = {\texttt{citeseer.ist.psu.edu/laeufer95type.html}}}@inproceedings{wadler87views , eprint = {papers/wadler87views.pdf} , title = {{Views: A Way for Pattern Matching to Cohabit with Data Abstraction}} , author = {Wadler, Philip} , booktitle = {Principles of Programming Languages} , editor = {Munchnik, Steve} , pages = {307-322} , year = {1987} , url = {http://citeseer.ist.psu.edu/wadler87views.html} , howpublished = {\texttt{http://citeseer.ist.psu.edu/wadler87views.html}}}@book{peytonjones03has98-rev-rep , eprint = {papers/peytonjones03has98-rev-rep.pdf} , title = {{Haskell 98, Language and Libraries, The Revised Report}} , author = {Peyton Jones, Simon} , publisher = {Cambridge Univ. Press} , year = {2003}}@misc{www04ghc , eprint = {papers/www04ghc.pdf} , title = {{The Glasgow Haskell Compiler}} , year = {2004} , url = {http://www.haskell.org/ghc/} , howpublished = {\texttt{http://www.haskell.org/ghc/}}}@misc{baars04ag-www , eprint = {papers/baars04ag-www.pdf} , title = {{Attribute Grammar System}} , author = {Baars, Arthur} , year = {2004} , url = {http://www.cs.uu.nl/\-groups/ST/\-Center/\-AttributeGrammarSystem} , howpublished = {\texttt{http://www.cs.uu.nl/\-groups/ST/\-Center/\-AttributeGrammarSystem}}}@inproceedings{kfoury94direct , eprint = {papers/kfoury94direct.pdf} , title = {{A Direct Algorithm for Type Inference in the Rank-2 Fragment of Second-Order lambda-Calculus}} , author = {Kfoury, A.J. and Wells, J.B.} , booktitle = {Proceedings of the 1994 ACM conference on LISP and functional programming} , pages = {196-207} , year = {1994} , url = {http://doi.acm.org/10.1145/182409.182456} , howpublished = {\texttt{http://doi.acm.org/10.1145/182409.182456}}}@techreport{jim95rank , eprint = {papers/jim95rank.pdf} , title = {{Rank 2 type systems and recursive definitions}} , author = {Jim, Trevor} , institution = {MIT} , school = {MIT} , number = {MIT/LCS TM-531} , year = {1995} , url = {http://www.research.att.com/~trevor/papers.html} , howpublished = {\texttt{http://www.research.att.com/~trevor/papers.html}}}@inproceedings{kfoury99rank2-decid , eprint = {papers/kfoury99rank2-decid.pdf} , title = {{Principality and Decidable Type Inference for Finite-Rank Intersection Types}} , author = {Kfoury, A.J. and Wells, J.B.} , booktitle = {Principles of Programming Languages} , journal = {Theoretical Computer Science} , pages = {161-174} , year = {1999} , url = {http://www.church-project.org/reports/Kfo+Wel:POPL-1999.html} , howpublished = {\texttt{http://www.church-project.org/reports/Kfo+Wel:POPL-1999.html}}}@article{kfoury03rank2-princ , eprint = {papers/kfoury03rank2-princ.pdf} , title = {{Principality and Type Inference for Intersection Types Using Expansion Variables}} , author = {Kfoury, A.J. and Wells, J.B.} , journal = {Theoretical Computer Science} , pages = {1-70} , number = {1-3} , volume = {311} , year = {2003} , url = {http://www.church-project.org/reports/Kfo+Wel:TCSB-2004-v311n1-3.html} , howpublished = {\texttt{http://www.church-project.org/reports/Kfo+Wel:TCSB-2004-v311n1-3.html}}}@article{kfoury93recursivetype , eprint = {papers/kfoury93recursivetype.pdf} , title = {{Type recursion in the presence of polymorphic recursion}} , author = {Kfoury, A.J. and Tiuryn, J. and Urzyczyn, P.} , journal = {ACM TOPLAS} , pages = {290-311} , number = {2} , volume = {15} , year = {1993} , url = {http://www.cs.bu.edu/techreports/pdf/1993-019-recursivetype.pdf} , howpublished = {\texttt{http://www.cs.bu.edu/techreports/pdf/1993-019-recursivetype.pdf}}}@techreport{hallet04polyrec-ex , eprint = {papers/hallet04polyrec-ex.pdf} , title = {{Programming Examples needing Polymorphic Recursion}} , author = {Hallet, J.J. and Kfoury, A.J.} , institution = {Boston University} , school = {Boston University} , year = {2004} , url = {http://www.church-project.org/reports/electronic/Hal+Kfo:BUCS-TR-2004-004.pdf} , howpublished = {\texttt{http://www.church-project.org/reports/electronic/Hal+Kfo:BUCS-TR-2004-004.pdf}}}@techreport{vasconcellos03polyrec-impl , eprint = {papers/vasconcellos03polyrec-impl.pdf} , title = {{Practical Type Inference for Polymorphic Recursion: an Implementation in Haskell}} , author = {Vasconcellos, Cristiano and Figueiredo, Lucilia and Camarao, Carlos} , year = {2003} , url = {http://www.dcc.ufmg.br/~camarao/sblp2003.pdf} , howpublished = {\texttt{http://www.dcc.ufmg.br/~camarao/sblp2003.pdf}}}@article{henglein91polyrec-infer , eprint = {papers/henglein91polyrec-infer.pdf} , title = {{Type inference with polymorphic recursion}} , author = {Henglein, Fritz} , journal = {ACM TOPLAS} , pages = {253-289} , number = {2} , volume = {15} , year = {1993 } , url = {http://doi.acm.org/10.1145/169701.169692} , howpublished = {\texttt{http://doi.acm.org/10.1145/169701.169692}}}@inproceedings{figueiredo01polyrec-princ , eprint = {papers/figueiredo01polyrec-princ.pdf} , title = {{Principal Typing and Mutual Recursion}} , author = {Figueiredo, Lucilia and Camarao, Carlos} , booktitle = {International Workshop on Functional and (Constraint) Logic Programming} , year = {2001} , url = {http://www.informatik.uni-kiel.de/~wflp2001/proceedings/} , howpublished = {\texttt{http://www.informatik.uni-kiel.de/~wflp2001/proceedings/}}}@misc{dijkstra04ehc-web , eprint = {papers/dijkstra04ehc-web.pdf} , title = {{EHC Web}} , author = {Dijkstra, Atze} , year = {2004} , url = {http://www.cs.uu.nl/\-groups/ST/\-Ehc/WebHome} , howpublished = {\texttt{http://www.cs.uu.nl/\-groups/ST/\-Ehc/WebHome}}}@inproceedings{swierstra00parser-toytool , eprint = {papers/swierstra00parser-toytool.pdf} , title = {{Parser Combinators, from Toys to Tools}} , author = {Swierstra, S.D.} , booktitle = {Haskell Workshop} , number = {41.1} , publisher = {Elsevier Science Publishers} , series = {Electronic Notes in Theoretical Computer Science} , year = {2000} , url = {http://www.cs.uu.nl/~doaitse/#pubs} , howpublished = {\texttt{http://www.cs.uu.nl/~doaitse/#pubs}}}@inproceedings{swierstra99parser-tutor , eprint = {papers/swierstra99parser-tutor.pdf} , title = {{Fast, Error Correcting Parser Combinators: A Short Tutorial}} , author = {Swierstra, S.D. and Azero Alcocer, Pablo R.} , booktitle = {SOFSEM'99 Theory and Practice of Informatics} , month = {November} , pages = {111-129} , number = {1725} , series = {LNCS} , year = {1999} , url = {http://www.cs.uu.nl/~doaitse/#pubs} , howpublished = {\texttt{http://www.cs.uu.nl/~doaitse/#pubs}}}@inproceedings{odersky97putting-ann , eprint = {papers/odersky97putting-ann.pdf} , title = {{Putting Type Annotations to Work}} , author = {Odersky, Martin and Laufer, Konstantin} , booktitle = {Principles of Programming Languages} , pages = {54-67} , year = {1996} , url = {http://citeseer.ist.psu.edu/odersky96putting.html} , howpublished = {\texttt{http://citeseer.ist.psu.edu/odersky96putting.html}}}@dissertation{perry91phd , eprint = {papers/perry91phd.pdf} , title = {{The Implementation of Practical Functional Programming Languages}} , author = {Perry, Nigel} , institution = {Department of Computing, Imperial College, London} , school = {Department of Computing, Imperial College, London} , year = {1991}}@techreport{laufer94poly-absdata , eprint = {papers/laufer94poly-absdata.pdf} , title = {{Polymorphic Type Inference and Abstract Data Types}} , author = {Laufer, Konstantin and Odersky, Martin} , institution = {Loyola University of Chicago} , school = {Loyola University of Chicago} , number = {LUC-001} , year = {1994} , url = {http://citeseer.ist.psu.edu/lufer94polymorphic.html} , howpublished = {\texttt{http://citeseer.ist.psu.edu/lufer94polymorphic.html}}}@article{mitchell88absty-exist , eprint = {papers/mitchell88absty-exist.pdf} , title = {{Abstract Types Have Existential Type}} , author = {Mitchell, John C. and Plotkin, Gordon D.} , journal = {ACM TOPLAS} , month = {July} , pages = {470-502} , number = {3} , volume = {10} , year = {1988} , url = {http://doi.acm.org/10.1145/44501.45065} , howpublished = {\texttt{http://doi.acm.org/10.1145/44501.45065}}}@misc{uust04www , eprint = {papers/uust04www.pdf} , title = {{UUST library}} , author = {Software Technology Group, Utrecht University} , year = {2004} , url = {http://cvs.cs.uu.nl/cgi-bin/cvsweb.cgi/uust/} , howpublished = {\texttt{http://cvs.cs.uu.nl/cgi-bin/cvsweb.cgi/uust/}}}@techreport{heeren02hm-constr , eprint = {papers/heeren02hm-constr.pdf} , title = {{Generalizing Hindley-Milner Type Inference Algorithms}} , address = {University Utrecht, Netherlands} , author = {Heeren, Bastiaan and Hage, Jurriaan and Swierstra, S. Doaitse} , institution = {Institute of Information and Computing Science} , school = {Institute of Information and Computing Science} , number = {UU-CS-2002-031} , year = {2002} , url = {http://www.cs.uu.nl/pub/RUU/CS/techreps/CS-2002/2002-031.pdf} , howpublished = {\texttt{http://www.cs.uu.nl/pub/RUU/CS/techreps/CS-2002/2002-031.pdf}}}@misc{schrage04www-proxima , eprint = {papers/schrage04www-proxima.pdf} , title = {{Proxima. A generic presentation-oriented XML editor}} , author = {Schrage, Martijn} , year = {2004} , url = {http://www.cs.uu.nl/groups/ST/Center/Proxima} , howpublished = {\texttt{http://www.cs.uu.nl/groups/ST/Center/Proxima}}}@article{milner78type-poly , eprint = {papers/milner78type-poly.pdf} , title = {{A theory of type polymorphism in programming}} , author = {Milner, R.} , journal = {Journal of Computer and System Sciences} , number = {3} , volume = {17} , year = {1978}}@article{hindley69princ-type , eprint = {papers/hindley69princ-type.pdf} , title = {{The principal type-scheme of an object in combinatory logic}} , author = {Hindley, J.R.} , journal = {Transactions of the American Mathematical Society} , month = {December} , pages = {29-60} , volume = {146} , year = {1969}}@inproceedings{reynolds74type-struct-sysF , eprint = {papers/reynolds74type-struct-sysF.pdf} , title = {{Towards a theory of type structure}} , author = {Reynolds, J.C.} , booktitle = {Proceedings Colloque sur la Programmation} , pages = {408-425} , number = {19} , series = {LNCS} , year = {1974 }}@inproceedings{boquist96grin-optim , eprint = {papers/boquist96grin-optim.pdf} , title = {{The GRIN Project: A Highly Optimising Back End For Lazy Functional Languages}} , author = {Boquist, Urban and Johnsson, Thomas} , booktitle = {Selected papers from the 8th International Workshop on Implementation of Functional Languages} , year = {1996} , url = {http://www.cs.chalmers.se/~boquist/ifl96-abstract.html} , howpublished = {\texttt{http://www.cs.chalmers.se/~boquist/ifl96-abstract.html}}}@book{boquist99phd-optim-lazy , eprint = {papers/boquist99phd-optim-lazy.pdf} , title = {{Code Optimisation Techniques for Lazy Functional Languages, PhD Thesis}} , author = {Boquist, Urban} , publisher = {Chalmers University of Technology} , year = {1999} , url = {http://www.cs.chalmers.se/~boquist/phd/index.html} , howpublished = {\texttt{http://www.cs.chalmers.se/~boquist/phd/index.html}}}@book{plasmeijer93func-graph , eprint = {papers/plasmeijer93func-graph.pdf} , title = {{Functional Programming and Parallel Graph Rewriting}} , author = {Plasmeijer, Rinus and Eekelen, M.J. van} , publisher = {Addison-Wesley} , year = {1993} , url = {http://www.cs.kun.nl/~clean/contents/Addison__Wesley_book/addison__wesley_book.html} , howpublished = {\texttt{http://www.cs.kun.nl/~clean/contents/Addison__Wesley_book/addison__wesley_book.html}}}@techreport{dijkstra04thag-part1 , eprint = {papers/dijkstra04thag-part1.pdf} , title = {{Typing Haskell with an Attribute Grammar (Part I)}} , author = {Dijkstra, Atze and Swierstra, Doaitse} , institution = {Department of Computer Science, Utrecht University} , school = {Department of Computer Science, Utrecht University} , number = {UU-CS-2004-037} , year = {2004} , url = {http://www.cs.uu.nl/research/techreps/UU-CS-2004-037.html} , howpublished = {\texttt{http://www.cs.uu.nl/research/techreps/UU-CS-2004-037.html}}}@inproceedings{leroy95appl-func-mod , eprint = {papers/leroy95appl-func-mod.pdf} , title = {{Applicative Functors and Fully Transparent Higher-Order Modules}} , author = {Leroy, Xavier} , booktitle = {Principles of Programming Languages} , pages = {142-153} , year = {1995} , url = {http://citeseer.ist.psu.edu/leroy95applicative.html} , howpublished = {\texttt{http://citeseer.ist.psu.edu/leroy95applicative.html}}}@inproceedings{leroy94manif-ty-mod , eprint = {papers/leroy94manif-ty-mod.pdf} , title = {{Manifest types, modules, and separate compilation}} , author = {Leroy, Xavier} , booktitle = {Principles of Programming Languages} , pages = {109-122} , year = {1994} , url = {http://citeseer.ist.psu.edu/leroy94manifest.html} , howpublished = {\texttt{http://citeseer.ist.psu.edu/leroy94manifest.html}}}@article{cardelli85ty-abstr-poly , eprint = {papers/cardelli85ty-abstr-poly.pdf} , title = {{On Understanding Types, Data Abstraction, and Polymorphism}} , author = {Cardelli, Luca and Wegner, Peter} , journal = {ACM Computing Surveys} , pages = {471-522} , number = {4} , volume = {17} , year = {1985} , url = {http://citeseer.ist.psu.edu/cardelli85understanding.html} , howpublished = {\texttt{http://citeseer.ist.psu.edu/cardelli85understanding.html}}}@techreport{jones99impl-param , eprint = {papers/jones99impl-param.pdf} , title = {{Exploring the design space for typebased implicit parameterization}} , author = {Jones, Mark} , institution = {Oregon Graduate Institute} , school = {Oregon Graduate Institute} , year = {1999} , url = {http://citeseer.ist.psu.edu/jones99exploring.html} , howpublished = {\texttt{http://citeseer.ist.psu.edu/jones99exploring.html}}}@mastersthesis{scheffczyk01mth-namedinst , eprint = {papers/scheffczyk01mth-namedinst.pdf} , title = {{Named Instances for Haskell Type Classes}} , author = {Scheffzcyk, Jan} , institution = {Universitat der Bundeswehr M\"unchen} , school = {Universitat der Bundeswehr M\"unchen} , year = {2001} , url = {http://www.rz.unibw-muenchen.de/~j8sj0499/} , howpublished = {\texttt{http://www.rz.unibw-muenchen.de/~j8sj0499/}}}@inproceedings{dijkstra04thag , eprint = {papers/dijkstra04thag.pdf} , title = {{Typing Haskell with an Attribute Grammar (to be published)}} , author = {Dijkstra, Atze and Swierstra, Doaitse} , booktitle = {Advanced Functional Programming Summerschool} , institution = {Department of Computer Science, Utrecht University} , school = {Department of Computer Science, Utrecht University} , publisher = {Springer-Verlag} , series = {LNCS} , year = {2004} , url = {http://www.cs.uu.nl/research/techreps/UU-CS-2004-037.html} , howpublished = {\texttt{http://www.cs.uu.nl/research/techreps/UU-CS-2004-037.html}}}@misc{chakravarty03hask-ffi , eprint = {papers/chakravarty03hask-ffi.pdf} , title = {{The Haskell 98 Foreign Function Interface 1.0: An Addendum to the Haskell 98 Report}} , author = {Chakravarty, Manuel} , year = {2003} , url = {http://www.cse.unsw.edu.au/~chak/haskell/ffi/} , howpublished = {\texttt{http://www.cse.unsw.edu.au/~chak/haskell/ffi/}}}@misc{www03hugs , eprint = {papers/www03hugs.pdf} , title = {{Hugs 98}} , year = {2003} , url = {http://www.haskell.org/hugs/} , howpublished = {\texttt{http://www.haskell.org/hugs/}}}@techreport{gaster98phd-records , eprint = {papers/gaster98phd-records.pdf} , title = {{Records, variants and qualified types}} , author = {Gaster, Benedict R.} , institution = {University of Nottingham} , school = {University of Nottingham} , number = {NOTTCS-TR-98-3} , year = {1998} , url = {http://www.cs.nott.ac.uk/Research/fop/gaster-thesis.pdf} , howpublished = {\texttt{http://www.cs.nott.ac.uk/Research/fop/gaster-thesis.pdf}}}@inproceedings{harper91records-symm , eprint = {papers/harper91records-symm.pdf} , title = {{A record calculus based on symmetric concatenation}} , author = {Harper, Robert and Pierce, Benjamin} , booktitle = {Proceedings of the 18th ACM SIGPLAN-SIGACT symposium on Principles of programming languages} , pages = {131-142} , year = {1991} , url = {http://doi.acm.org/10.1145/99583.99603} , howpublished = {\texttt{http://doi.acm.org/10.1145/99583.99603}}}@inproceedings{jones96paramsig-mod , eprint = {papers/jones96paramsig-mod.pdf} , title = {{Using Parameterized Signatures to Express Modular Structure}} , author = {Jones, Mark P.} , booktitle = {Proceedings of the Twenty Third Annual ACM SIGPLAN-SIGACT Symposium on Principles of Programming Languages} , year = {1996} , url = {http://www.cse.ogi.edu/~mpj/pubs/paramsig.pdf} , howpublished = {\texttt{http://www.cse.ogi.edu/~mpj/pubs/paramsig.pdf}}}@misc{dijkstra04expl-impl-param , eprint = {papers/dijkstra04expl-impl-param.pdf} , title = {{Explicit implicit parameters (submitted to ESOP2005)}} , author = {Dijkstra, Atze and Swierstra, Doaitse} , year = {2004}}@techreport{dijkstra04expl-impl-param-tr , eprint = {papers/dijkstra04expl-impl-param-tr.pdf} , title = {{Explicit implicit parameters}} , author = {Dijkstra, Atze and Swierstra, Doaitse} , institution = {Institute of Information and Computing Science} , school = {Institute of Information and Computing Science} , number = {UU-CS-2004-059} , year = {2004} , url = {http://www.cs.uu.nl/research/techreps/UU-CS-2004-059.html} , howpublished = {\texttt{http://www.cs.uu.nl/research/techreps/UU-CS-2004-059.html}}}@inproceedings{jeuring94gram-anal , eprint = {papers/jeuring94gram-anal.pdf} , title = {{Bottom-Up Grammar Analysis, A Functional Formulation}} , author = {Jeuring, Johan and Swierstra, Doaitse} , booktitle = {European Symposium On Programming} , year = {1994} , url = {http://citeseer.ist.psu.edu/jeuring94bottomup.html} , howpublished = {\texttt{http://citeseer.ist.psu.edu/jeuring94bottomup.html}}}@inproceedings{jeuring95gram-anal-func , eprint = {papers/jeuring95gram-anal-func.pdf} , title = {{Constructing Functional Programs for Grammar Analysis Problems}} , author = {Jeuring, Johan and Swierstra, Doaitse} , booktitle = {Functional Programming Languages and Computer Architecture} , pages = {259-269} , year = {1995} , url = {http://citeseer.ist.psu.edu/jeuring95constructing.html} , howpublished = {\texttt{http://citeseer.ist.psu.edu/jeuring95constructing.html}}}@inproceedings{farrow92comp-ag , eprint = {papers/farrow92comp-ag.pdf} , title = {{Composable Attribute Grammars: Support for Modularity in Translator Design and Implementation}} , author = {Farrow, R. and Marlowe, T.J. and Yelling, D.M.} , booktitle = {Principles of Programming Languages} , pages = {223-234} , year = {1992} , url = {http://doi.acm.org/10.1145/143165.143210} , howpublished = {\texttt{http://doi.acm.org/10.1145/143165.143210}}}@article{dueck90mod-ag , eprint = {papers/dueck90mod-ag.pdf} , title = {{Modular Attribute Grammars}} , author = {Dueck, G.D.P. and Cormack, G.V.} , journal = {The Computer Journal} , pages = {164-172} , number = {2} , volume = {33} , year = {1990 }}@phdthesis{adams91mod-gram , eprint = {papers/adams91mod-gram.pdf} , title = {{Modular Grammars for Programming Language Prototyping}} , author = {Adams, Stephen Robert} , publisher = {University of Southampton, Faculty of Engineering, Dept of CS} , year = {1991 } , url = {http://www.swiss.ai.mit.edu/users/adams/MAG/} , howpublished = {\texttt{http://www.swiss.ai.mit.edu/users/adams/MAG/}}}@article{shan04sexy-types , eprint = {papers/shan04sexy-types.pdf} , title = {{Sexy types in action}} , author = {Shan, Chung-chieh} , journal = {ACM SIGPLAN Notices} , month = {May} , pages = {15-22} , number = {5} , volume = {39} , year = {2004} , url = {http://doi.acm.org/10.1145/997140.997142} , howpublished = {\texttt{http://doi.acm.org/10.1145/997140.997142}}}@inproceedings{kiselyov04impl-config , eprint = {papers/kiselyov04impl-config.pdf} , title = {{Implict configuration - or, type classes reflect the value of types}} , author = {Kiselyov, Oleg and Shan, Chung-chieh} , booktitle = {Haskell Workshop} , year = {2004} , url = {http://www.eecs.harvard.edu/~ccshan/prepose/prepose.pdf} , howpublished = {\texttt{http://www.eecs.harvard.edu/~ccshan/prepose/prepose.pdf}}}@inproceedings{odersky01col-loc-infer , eprint = {papers/odersky01col-loc-infer.pdf} , title = {{Colored Local Type Inference}} , author = {Odersky, Martin and Zenger, Christoph and Zenger, Matthias} , booktitle = {Principles of Programming Languages} , journal = {ACM SIGPLAN Notices} , month = {March} , pages = {41-53} , number = {3} , volume = {36} , year = {2001} , url = {http://doi.acm.org/10.1145/373243.360207} , howpublished = {\texttt{http://doi.acm.org/10.1145/373243.360207}}}@inproceedings{mohnen96ctxt-pat , eprint = {papers/mohnen96ctxt-pat.pdf} , title = {{Context Patterns in Haskell}} , author = {Mohnen, Markus} , booktitle = {Implementation of Functional Languages} , pages = {41-57} , number = {1268} , series = {LNCS} , year = {1996} , url = {http://citeseer.ist.psu.edu/mohnen96context.html} , howpublished = {\texttt{http://citeseer.ist.psu.edu/mohnen96context.html}}}@inproceedings{mohnen97ctxt-pat , eprint = {papers/mohnen97ctxt-pat.pdf} , title = {{Context Patterns, Part {II}}} , author = {Mohnen, Markus} , booktitle = {Implementation of Functional Languages} , pages = {338--357} , number = {1467} , series = {LNCS} , year = {1997} , url = {http://citeseer.ist.psu.edu/article/mohnen97context.html} , howpublished = {\texttt{http://citeseer.ist.psu.edu/article/mohnen97context.html}}}@mastersthesis{mazanek03highkind-subtype , eprint = {papers/mazanek03highkind-subtype.pdf} , title = {{Higher-Kinded Types in the Context of Subtyping}} , author = {Mazanek, Steffen} , school = {University of the German Federal Armed Forces} , year = {2003} , url = {http://www.steffen-mazanek.de/mixed/projects/Diplomarbeit.pdf} , howpublished = {\texttt{http://www.steffen-mazanek.de/mixed/projects/Diplomarbeit.pdf}}}@inproceedings{kuiper86ag-fp , eprint = {papers/kuiper86ag-fp.pdf} , title = {{Using Attribute Grammars to Derive Efficient Functional Programs}} , author = {Kuiper, M.F. and Swierstra, S.D.} , booktitle = {Computing Science in the Netherlands CSN'87} , month = {November} , year = {1987} , url = {http://www.cs.uu.nl/research/techreps/RUU-CS-86-16.html} , howpublished = {\texttt{http://www.cs.uu.nl/research/techreps/RUU-CS-86-16.html}}}@article{bird84circ-traverse , eprint = {papers/bird84circ-traverse.pdf} , title = {{Using Circular Programs to Eliminate Multiple Traversals of Data}} , author = {Bird, Richard S.} , journal = {Acta Informatica} , pages = {239-250} , volume = {21} , year = {1984} , url = {http://www.springerlink.com/index/G74174VVL1861605.pdf} , howpublished = {\texttt{http://www.springerlink.com/index/G74174VVL1861605.pdf}}}@inproceedings{laemmel03boilerplate , eprint = {papers/laemmel03boilerplate.pdf} , title = {{Scrap your boilerplate: a practical design pattern for generic programming}} , author = {L\"ammel, Ralf and Peyton Jones, Simon} , booktitle = {Types In Languages Design And Implementation} , pages = {26-37} , year = {2003} , url = {http://doi.acm.org/10.1145/604174.604179} , howpublished = {\texttt{http://doi.acm.org/10.1145/604174.604179}}}@inproceedings{wadler90deforest , eprint = {papers/wadler90deforest.pdf} , title = {{Deforestation: transforming programs to eliminate trees}} , author = {Wadler, Philip} , booktitle = {Theoretical Computer Science, (Special issue of selected papers from 2'nd European Symposium on Programming)} , pages = {231-248} , number = {73} , year = {1990} , url = {http://homepages.inf.ed.ac.uk/wadler/topics/deforestation.html} , howpublished = {\texttt{http://homepages.inf.ed.ac.uk/wadler/topics/deforestation.html}}}@phdthesis{saraiva99phd-funcimpl-ag , eprint = {papers/saraiva99phd-funcimpl-ag.pdf} , title = {{Purely Functional Implementation of Attribute Grammars}} , author = {Saraiva, Joao} , institution = {Utrecht University} , school = {Utrecht University} , year = {1999}}@phdthesis{girard72system-f , eprint = {papers/girard72system-f.pdf} , title = {{Interpr\'etation fonctionelle et \'elimination des coupures de l'arithm\'etique d'ordre sup\'erieur}} , author = {Girard, Jean-Yves} , school = {Universit\'e Paris VII} , year = {1972}}@misc{baars02www-syn-macro , eprint = {papers/baars02www-syn-macro.pdf} , title = {{Syntax Macros (Unfinished draft)}} , author = {Baars, Arthur and Swierstra, Doaitse} , year = {2002} , url = {http://www.cs.uu.nl/\-people/\-arthurb/macros.html} , howpublished = {\texttt{http://www.cs.uu.nl/\-people/\-arthurb/macros.html}}}@inproceedings{heeren05class-direct , eprint = {papers/heeren05class-direct.pdf} , title = {{Type Class Directives}} , author = {Heeren, Bastiaan and Hage, Jurriaan} , booktitle = {Seventh International Symposium on Practical Aspects of Declarative Languages} , pages = {253 -- 267} , publisher = {Springer-Verlag} , year = {2005} , url = {http://www.cs.uu.nl/people/bastiaan/} , howpublished = {\texttt{http://www.cs.uu.nl/people/bastiaan/}}}@article{efremidis97attr-gram-ml , eprint = {papers/efremidis97attr-gram-ml.pdf} , title = {{AML: Attribute Grammars in ML}} , author = {Efremidis, Sofoklis G. and Mughal, Khalis A. and Reppy, John H. and Soraas, Lars} , journal = {Nordic Journal of Computing} , year = {1997}}@misc{hallgren03progica-demo , eprint = {papers/hallgren03progica-demo.pdf} , title = {{Haskell Tools from the Programmatica Project}} , author = {Hallgren, Thomas} , year = {2003}}@misc{launchbury96state-haskell , eprint = {papers/launchbury96state-haskell.pdf} , title = {{State in Haskell}} , author = {Launchbury, J. and Peyton Jones, SL.} , year = {1996} , url = {http://citeseer.nj.nec.com/details/launchbury96state.html} , howpublished = {\texttt{http://citeseer.nj.nec.com/details/launchbury96state.html}}}@inproceedings{stuckey02th-overl-acm , eprint = {papers/stuckey02th-overl-acm.pdf} , title = {{A Theory of Overloading}} , author = {Stuckey, Peter J. and Sulzmann, Martin} , booktitle = {Proceedings of the seventh ACM SIGPLAN international conference on Functional programming} , institution = {Dept. of Computer Science and Software Engineering, The University of Melbourne } , school = {Dept. of Computer Science and Software Engineering, The University of Melbourne } , pages = {167-178} , year = {2002} , url = {http://doi.acm.org/10.1145/581478.581495} , howpublished = {\texttt{http://doi.acm.org/10.1145/581478.581495}}}@phdthesis{pasalic04type-eq-phd , eprint = {papers/pasalic04type-eq-phd.pdf} , title = {{The Role of Type Equality in Meta-programming}} , author = {Pasalic, Emir} , school = {OGI School of Science & Engineering} , year = {2004} , url = {http://www.cs.rice.edu/%7Epasalic/thesis/body.pdf} , howpublished = {\texttt{http://www.cs.rice.edu/%7Epasalic/thesis/body.pdf}}}@inproceedings{pasalic04meta-ty-objrep , eprint = {papers/pasalic04meta-ty-objrep.pdf} , title = {{Meta-Programming with Typed Object-Language Representations}} , author = {Pasalic, Emir} , booktitle = {Generative Programming and Component Engineering} , school = {OGI School of Science & Engineering} , year = {2004} , url = {http://www.cs.pdx.edu/%7Esheard/papers/MetaProgTypObjLangReps.ps} , howpublished = {\texttt{http://www.cs.pdx.edu/%7Esheard/papers/MetaProgTypObjLangReps.ps}}}@techreport{simonet05constr-gadt , eprint = {papers/simonet05constr-gadt.pdf} , title = {{Constraint-Based Type Inference for Guarded Algebraic Data Types}} , author = {Simonet, Vincent and Pottier, Francois} , institution = {INRIA-Rocquencourt} , school = {INRIA-Rocquencourt} , number = {5462} , year = {2005} , url = {http://cristal.inria.fr/%7Efpottier/publis/simonet-pottier-hmg.pdf} , howpublished = {\texttt{http://cristal.inria.fr/%7Efpottier/publis/simonet-pottier-hmg.pdf}}}@article{simonet05constr-gadt-acm , eprint = {papers/simonet05constr-gadt-acm.pdf} , title = {{Constraint-Based Type Inference for Guarded Algebraic Data Types (submitted to TOPLAS)}} , author = {Simonet, Vincent and Pottier, Francois} , journal = {ACM TOPLAS} , year = {2005} , url = {http://cristal.inria.fr/%7Efpottier/publis/simonet-pottier-hmg-toplas.pdf} , howpublished = {\texttt{http://cristal.inria.fr/%7Efpottier/publis/simonet-pottier-hmg-toplas.pdf}}}@phdthesis{loh04gener-hs-phd , eprint = {papers/loh04gener-hs-phd.pdf} , title = {{Exploring Generic Haskell}} , author = {Loh, Andres} , school = {Utrecht University, Department of Information and Computing Sciences} , year = {2004}}@misc{vytiniotis05boxy-impred , eprint = {papers/vytiniotis05boxy-impred.pdf} , title = {{Boxy type inference for higher-rank types and impredicativity (submitted to ICFP2005)}} , author = {Vytiniotis, Dimitrios and Weirich, Stephanie and Peyton Jones, Simon} , year = {2005}}@phdthesis{dijkstra05phd , eprint = {papers/dijkstra05phd.pdf} , title = {{Haskell, Step by Step (PhD thesis, to be published)}} , author = {Dijkstra, Atze} , school = {Utrecht University, Department of Information and Computing Sciences} , year = {2005} , url = {http://www.cs.uu.nl/\-groups/ST/\-Ehc/WebHome} , howpublished = {\texttt{http://www.cs.uu.nl/\-groups/ST/\-Ehc/WebHome}}}