@article{faxen02semantics-haskell , eprint = {papers/faxen02semantics-haskell.pdf} , title = {{A Static Semantics for Haskell}} , author = {Faxen, Karl-Filip} , journal = {Journal of Functional Programming} , pages = {295} , volume = {12} , year = {2002} , url = {http://www.it.kth.se/~kff/semantics.ps.gz} , howpublished = {\texttt{http://www.it.kth.se/~kff/semantics.ps.gz}}}
@inproceedings{jones99thih , eprint = {papers/jones99thih.pdf} , title = {{Typing Haskell in Haskell}} , author = {Jones, Mark P.} , booktitle = {Haskell Workshop} , year = {1999} , url = {http://www.cse.ogi.edu/~mpj/thih/thih-sep1-1999/} , howpublished = {\texttt{http://www.cse.ogi.edu/~mpj/thih/thih-sep1-1999/}}}
@book{peytonjones03has98-rev-rep , eprint = {papers/peytonjones03has98-rev-rep.pdf} , title = {{Haskell 98, Language and Libraries, The Revised Report}} , author = {Peyton Jones, Simon} , publisher = {Cambridge Univ. Press} , year = {2003}}
@misc{www04ghc , eprint = {papers/www04ghc.pdf} , title = {{The Glasgow Haskell Compiler}} , year = {2004} , url = {http://www.haskell.org/ghc/} , howpublished = {\texttt{http://www.haskell.org/ghc/}}}
@misc{baars04ag-www , eprint = {papers/baars04ag-www.pdf} , title = {{Attribute Grammar System}} , author = {Baars, Arthur} , year = {2004} , url = {http://www.cs.uu.nl/groups/ST/twiki/bin/view/Center/AttributeGrammarSystem} , howpublished = {\texttt{http://www.cs.uu.nl/groups/ST/twiki/bin/view/Center/AttributeGrammarSystem}}}
@misc{dijkstra04ehc-web , eprint = {papers/dijkstra04ehc-web.pdf} , title = {{EHC Web}} , author = {Dijkstra, Atze} , year = {2004} , url = {http://www.cs.uu.nl/groups/ST/Ehc/WebHome} , howpublished = {\texttt{http://www.cs.uu.nl/groups/ST/Ehc/WebHome}}}
@misc{tolmach2001ghc-core , title = {{An External Representation for the GHC Core Language (Draft 
for GHC5.02)}}, author = {Tolmach, Andrew}, year = {2001}, url = {http://www.haskell.org/ghc/docs/papers/core.ps.gz}, howpublished = {\texttt{http://www.haskell.org/ghc/docs/papers/core.ps.gz}}}
